% This file was created with JabRef 2.10.
% Encoding: UTF-8


@Article{Abraham2005,
  Title                    = {Fish-eye-stereo calibration and epipolar rectification},
  Author                   = {Steffen Abraham and Wolfgang Förstner},
  Journal                  = {{ISPRS} Journal of Photogrammetry and Remote Sensing},
  Year                     = {2005},

  Month                    = {aug},
  Number                   = {5},
  Pages                    = {278--288},
  Volume                   = {59},

  Doi                      = {10.1016/j.isprsjprs.2005.03.001},
  Publisher                = {Elsevier {BV}}
}

@InCollection{Agarwal2006,
  Title                    = {Hyperfeatures {\textendash} Multilevel Local Coding for Visual Recognition},
  Author                   = {Ankur Agarwal and Bill Triggs},
  Booktitle                = {Computer Vision {\textendash} {ECCV} 2006},
  Publisher                = {Springer Berlin Heidelberg},
  Year                     = {2006},
  Pages                    = {30--43},

  Doi                      = {10.1007/11744023_3}
}

@InProceedings{Ali2016ACO,
  Title                    = {A Comparison of FAST, SURF, Eigen, Harris, and MSER Features},
  Author                   = {Engr.Farman Ali and Ullah Khan and Zarrar Mahmudi and Rahmat Ullah},
  Year                     = {2016}
}

@Article{An2017,
  Title                    = {Semantic segmentation{\textendash}aided visual odometry for urban autonomous driving},
  Author                   = {Lifeng An and Xinyu Zhang and Hongbo Gao and Yuchao Liu},
  Journal                  = {International Journal of Advanced Robotic Systems},
  Year                     = {2017},

  Month                    = {sep},
  Number                   = {5},
  Pages                    = {172988141773566},
  Volume                   = {14},

  Doi                      = {10.1177/1729881417735667},
  Publisher                = {{SAGE} Publications}
}

@Article{Aqel2016,
  Title                    = {Review of visual odometry: types, approaches, challenges, and applications},
  Author                   = {Mohammad O. A. Aqel and Mohammad H. Marhaban and M. Iqbal Saripan and Napsiah Bt. Ismail},
  Journal                  = {{SpringerPlus}},
  Year                     = {2016},

  Month                    = {oct},
  Number                   = {1},
  Volume                   = {5},

  Doi                      = {10.1186/s40064-016-3573-7},
  Publisher                = {Springer Nature}
}

@Article{Aqel2016a,
  Title                    = {Estimation of image scale variations in monocular visual odometry systems},
  Author                   = {Mohammad O. A. Aqel and Mohammad H. Marhaban and M. Iqbal Saripan and Napsiah Bt. Ismail},
  Journal                  = {{IEEJ} Transactions on Electrical and Electronic Engineering},
  Year                     = {2016},

  Month                    = {dec},
  Number                   = {2},
  Pages                    = {228--243},
  Volume                   = {12},

  Doi                      = {10.1002/tee.22370},
  Publisher                = {Wiley-Blackwell}
}

@InProceedings{Cheng,
  Title                    = {Visual Odometry on the Mars Exploration Rovers},
  Author                   = {Yang Cheng and M. Maimone and L. Matthies},
  Booktitle                = {2005 {IEEE} International Conference on Systems, Man and Cybernetics},
  Publisher                = {{IEEE}},

  Doi                      = {10.1109/icsmc.2005.1571261}
}

@InProceedings{Chien2016,
  Title                    = {When to use what feature? {SIFT}, {SURF}, {ORB}, or A-{KAZE} features for monocular visual odometry},
  Author                   = {Hsiang-Jen Chien and Chen-Chi Chuang and Chia-Yen Chen and Reinhard Klette},
  Booktitle                = {2016 International Conference on Image and Vision Computing New Zealand ({IVCNZ})},
  Year                     = {2016},
  Month                    = {nov},
  Publisher                = {{IEEE}},

  Doi                      = {10.1109/ivcnz.2016.7804434}
}

@Article{Devernay2001,
  Title                    = {Straight lines have to be straight},
  Author                   = {Fr{\'{e}}d{\'{e}}ric Devernay and Olivier Faugeras},
  Journal                  = {Machine Vision and Applications},
  Year                     = {2001},

  Month                    = {aug},
  Number                   = {1},
  Pages                    = {14--24},
  Volume                   = {13},

  Doi                      = {10.1007/pl00013269},
  Publisher                = {Springer Nature}
}

@Article{Durrant-Whyte2006,
  Title                    = {Simultaneous localization and mapping: part I},
  Author                   = {H. Durrant-Whyte and T. Bailey},
  Journal                  = {{IEEE} Robotics {\&} Automation Magazine},
  Year                     = {2006},

  Month                    = {jun},
  Number                   = {2},
  Pages                    = {99--110},
  Volume                   = {13},

  Doi                      = {10.1109/mra.2006.1638022},
  Publisher                = {Institute of Electrical and Electronics Engineers ({IEEE})}
}

@InProceedings{ericson2008visual,
  Title                    = {Visual odometry system for agricultural field robots},
  Author                   = {Ericson, E and Astrand, B},
  Booktitle                = {Anonymous Proceedings of the World Congress on engineering and computer science},
  Year                     = {2008}
}

@Article{Ericson2018,
  Title                    = {Analysis of two visual odometry systems for use in an agricultural field environment},
  Author                   = {Stefan K. Ericson and Björn S. {\AA}strand},
  Journal                  = {Biosystems Engineering},
  Year                     = {2018},

  Month                    = {feb},
  Pages                    = {116--125},
  Volume                   = {166},

  Doi                      = {10.1016/j.biosystemseng.2017.11.009},
  Publisher                = {Elsevier {BV}}
}

@InProceedings{Fanani2017,
  Title                    = {Multimodal scale estimation for monocular visual odometry},
  Author                   = {Nolang Fanani and Alina Sturck and Marc Barnada and Rudolf Mester},
  Booktitle                = {2017 {IEEE} Intelligent Vehicles Symposium ({IV})},
  Year                     = {2017},
  Month                    = {jun},
  Publisher                = {{IEEE}},

  Doi                      = {10.1109/ivs.2017.7995955}
}

@Article{Fanani2017a,
  Title                    = {Predictive monocular odometry ({PMO}): What is possible without {RANSAC} and multiframe bundle adjustment?},
  Author                   = {Nolang Fanani and Alina Stürck and Matthias Ochs and Henry Bradler and Rudolf Mester},
  Journal                  = {Image and Vision Computing},
  Year                     = {2017},

  Month                    = {dec},
  Pages                    = {3--13},
  Volume                   = {68},

  Doi                      = {10.1016/j.imavis.2017.08.002},
  Publisher                = {Elsevier {BV}}
}

@InProceedings{Forster2014,
  Title                    = {{SVO}: Fast semi-direct monocular visual odometry},
  Author                   = {Christian Forster and Matia Pizzoli and Davide Scaramuzza},
  Booktitle                = {2014 {IEEE} International Conference on Robotics and Automation ({ICRA})},
  Year                     = {2014},
  Month                    = {may},
  Publisher                = {{IEEE}},

  Doi                      = {10.1109/icra.2014.6906584}
}

@Article{Forster2017,
  Title                    = {{SVO}: Semidirect Visual Odometry for Monocular and Multicamera Systems},
  Author                   = {Christian Forster and Zichao Zhang and Michael Gassner and Manuel Werlberger and Davide Scaramuzza},
  Journal                  = {{IEEE} Transactions on Robotics},
  Year                     = {2017},

  Month                    = {apr},
  Number                   = {2},
  Pages                    = {249--265},
  Volume                   = {33},

  Doi                      = {10.1109/tro.2016.2623335},
  Publisher                = {Institute of Electrical and Electronics Engineers ({IEEE})}
}

@Article{Fraundorfer2012,
  Title                    = {Visual Odometry : Part {II}: Matching, Robustness, Optimization, and Applications},
  Author                   = {Friedrich Fraundorfer and Davide Scaramuzza},
  Journal                  = {{IEEE} Robotics {\&} Automation Magazine},
  Year                     = {2012},

  Month                    = {jun},
  Number                   = {2},
  Pages                    = {78--90},
  Volume                   = {19},

  Doi                      = {10.1109/mra.2012.2182810},
  Publisher                = {Institute of Electrical and Electronics Engineers ({IEEE})}
}

@InProceedings{Fraundorfer2010,
  Title                    = {A constricted bundle adjustment parameterization for relative scale estimation in visual odometry},
  Author                   = {Friedrich Fraundorfer and Davide Scaramuzza and Marc Pollefeys},
  Booktitle                = {2010 {IEEE} International Conference on Robotics and Automation},
  Year                     = {2010},
  Month                    = {may},
  Publisher                = {{IEEE}},

  Doi                      = {10.1109/robot.2010.5509733}
}

@Manual{VisualOdometryRodasVehicles,
  Title                    = {Visual odometry for road vehicles using a monocular camera. Master thesis, Department of Signals and Systems, Chalmers University of Technology, Gothenburg, Sweden, 2016. [Online].},
  Author                   = {H.Berg and R.Haddad.},

  Url                      = {http://publications.lib.chalmers.se/records/fulltext/246134/246134.pdf.#Accessed:#2017-02-02.}
}

@InProceedings{hadjabdelkader:inria-00325396,
  Title                    = {{Spherical Image Processing for Accurate Visual Odometry with Omnidirectional Cameras}},
  Author                   = {Hadj-Abdelkader, Hicham and Malis, Ezio and Rives, Patrick},
  Booktitle                = {{The 8th Workshop on Omnidirectional Vision, Camera Networks and Non-classical Cameras - OMNIVIS}},
  Year                     = {2008},

  Address                  = {Marseille, France},
  Month                    = Oct,
  Organization             = {{Rahul Swaminathan and Vincenzo Caglioti and Antonis Argyros}},

  Hal_id                   = {inria-00325396},
  Hal_version              = {v1},
  Pdf                      = {https://hal.inria.fr/inria-00325396/file/A29CR.pdf},
  Url                      = {https://hal.inria.fr/inria-00325396}
}

@Article{Hansen2009,
  Title                    = {Wide-angle Visual Feature Matching for Outdoor Localization},
  Author                   = {Peter Hansen and Peter Corke and Wageeh Boles},
  Journal                  = {The International Journal of Robotics Research},
  Year                     = {2009},

  Month                    = {dec},
  Number                   = {2-3},
  Pages                    = {267--297},
  Volume                   = {29},

  Doi                      = {10.1177/0278364909356484},
  Publisher                = {{SAGE} Publications}
}

@InProceedings{Heng2016,
  Title                    = {Semi-direct visual odometry for a fisheye-stereo camera},
  Author                   = {Lionel Heng and Benjamin Choi},
  Booktitle                = {2016 {IEEE}/{RSJ} International Conference on Intelligent Robots and Systems ({IROS})},
  Year                     = {2016},
  Month                    = {oct},
  Publisher                = {{IEEE}},

  Doi                      = {10.1109/iros.2016.7759600}
}

@Article{Hughes2010,
  Title                    = {Equidistant Fish-Eye Calibration and Rectification by Vanishing Point Extraction},
  Author                   = {Ciaran Hughes and Patrick Denny and Martin Glavin and Edward Jones},
  Journal                  = {{IEEE} Transactions on Pattern Analysis and Machine Intelligence},
  Year                     = {2010},

  Month                    = {dec},
  Number                   = {12},
  Pages                    = {2289--2296},
  Volume                   = {32},

  Doi                      = {10.1109/tpami.2010.159},
  Publisher                = {Institute of Electrical and Electronics Engineers ({IEEE})}
}

@Article{Kannala2006,
  Title                    = {A generic camera model and calibration method for conventional, wide-angle, and fish-eye lenses},
  Author                   = {J. Kannala and S.S. Brandt},
  Journal                  = {{IEEE} Transactions on Pattern Analysis and Machine Intelligence},
  Year                     = {2006},

  Month                    = {aug},
  Number                   = {8},
  Pages                    = {1335--1340},
  Volume                   = {28},

  Doi                      = {10.1109/tpami.2006.153},
  Publisher                = {Institute of Electrical and Electronics Engineers ({IEEE})}
}

@InProceedings{Kannala2004,
  Title                    = {A generic camera calibration method for fish-eye lenses},
  Author                   = {J. Kannala and S. Brandt},
  Booktitle                = {Proceedings of the 17th International Conference on Pattern Recognition, 2004. {ICPR} 2004.},
  Year                     = {2004},
  Publisher                = {{IEEE}},

  Doi                      = {10.1109/icpr.2004.1333993}
}

@Other{ImagMatch,
  Title                    = {Image Matching Using SIFT, SURF, BRIEF and ORB: Performance Comparison for Distorted Images},
  Author                   = {Karami, Ebrahim and Prasad, Siva and Shehata, Mohamed},
  Month                    = {11},
  Year                     = {2015}
}

@Article{Kneip2011,
  Title                    = {Robust Real-Time Visual Odometry with a Single Camera and an IMU},
  Author                   = {Kneip, Laurent and Siegwart, Roland Y. and Chli, Margarita},
  Year                     = {2011},
  Pages                    = {-},

  Doi                      = {10.3929/ethz-a-010025746},
  Keywords                 = {ESTIMATION OF PARAMETERS AND STATE ESTIMATION (MATHEMATICAL STATISTICS), ROBOT POSITION + ROBOT ORIENTATION, ECHTZEITSYSTEME + EINGEBETTETE SYSTEME (COMPUTERSYSTEME), ROBOTERNAVIGATION, Electric engineering, ROBOTERPOSITION + ROBOTERSTELLUNG, COMPUTER VISION + SCENE UNDERSTANDING (ARTIFICIAL INTELLIGENCE), ROBOT NAVIGATION, info:eu-repo/classification/ddc/621.3, REAL-TIME SYSTEMS + EMBEDDED SYSTEMS (COMPUTER SYSTEMS), PARAMETERSCHÄTZUNG UND ZUSTANDSSCHÄTZUNG (MATHEMATISCHE STATISTIK), COMPUTERVISION (KÜNSTLICHE INTELLIGENZ)},
  Language                 = {en},
  Publisher                = {ETH Zurich}
}

@InProceedings{Kuo2017,
  Title                    = {Fisheye calibration with wide-angle characteristics},
  Author                   = {Tien-Ying Kuo and Yu-Shuo Wang and Yi-Jun Cheng and Kuan-Hung Wan},
  Booktitle                = {2017 {IEEE} International Conference on Consumer Electronics - Taiwan ({ICCE}-{TW})},
  Year                     = {2017},
  Month                    = {jun},
  Publisher                = {{IEEE}},

  Doi                      = {10.1109/icce-china.2017.7991055}
}

@Article{Lemaire2007,
  Title                    = {Vision-Based {SLAM}: Stereo and Monocular Approaches},
  Author                   = {Thomas Lemaire and Cyrille Berger and Il-Kyun Jung and Simon Lacroix},
  Journal                  = {International Journal of Computer Vision},
  Year                     = {2007},

  Month                    = {feb},
  Number                   = {3},
  Pages                    = {343--364},
  Volume                   = {74},

  Doi                      = {10.1007/s11263-007-0042-3},
  Publisher                = {Springer Nature}
}

@InProceedings{Liu2017,
  Title                    = {Direct visual odometry for a fisheye-stereo camera},
  Author                   = {Peidong Liu and Lionel Heng and Torsten Sattler and Andreas Geiger and Marc Pollefeys},
  Booktitle                = {2017 {IEEE}/{RSJ} International Conference on Intelligent Robots and Systems ({IROS})},
  Year                     = {2017},
  Month                    = {sep},
  Publisher                = {{IEEE}},

  Doi                      = {10.1109/iros.2017.8205988}
}

@Article{Maimone2007,
  Title                    = {Two years of Visual Odometry on the Mars Exploration Rovers},
  Author                   = {Mark Maimone and Yang Cheng and Larry Matthies},
  Journal                  = {Journal of Field Robotics},
  Year                     = {2007},
  Number                   = {3},
  Pages                    = {169--186},
  Volume                   = {24},

  Doi                      = {10.1002/rob.20184},
  Publisher                = {Wiley-Blackwell}
}

@InProceedings{Mendes2016,
  Title                    = {Vine Trunk Detector for a Reliable Robot Localization System},
  Author                   = {Jorge Mendes and Filipe Neves dos Santos and Nuno Ferraz and Pedro Couto and Raul Morais},
  Booktitle                = {2016 International Conference on Autonomous Robot Systems and Competitions ({ICARSC})},
  Year                     = {2016},
  Month                    = {may},
  Publisher                = {{IEEE}},

  Doi                      = {10.1109/icarsc.2016.68}
}

@InProceedings{6460718,
  Title                    = {Evaluation of local detectors and descriptors for fast feature matching},
  Author                   = {O. Miksik and K. Mikolajczyk},
  Booktitle                = {Proceedings of the 21st International Conference on Pattern Recognition (ICPR2012)},
  Year                     = {2012},
  Month                    = {Nov},
  Pages                    = {2681-2684},

  ISSN                     = {1051-4651},
  Keywords                 = {computer vision;feature extraction;image matching;object detection;random processes;tree data structures;BRIEF extractor;BRISK extractor;Hamming distance;LIOP extractor;MROGH extractor;MRRID extractor;ORB extractor;binary descriptor evaluation;computer vision applications;feature detector performance evaluation;feature matching;local feature descriptor evaluation;local feature detector evaluation;matching accuracy;matching precision;matching speed;randomized kd-trees;Accuracy;Approximation methods;Artificial neural networks;Databases;Detectors;Feature extraction;Hamming distance}
}

@InProceedings{Nistera,
  Title                    = {An efficient solution to the five-point relative pose problem},
  Author                   = {D. Nister},
  Booktitle                = {2003 {IEEE} Computer Society Conference on Computer Vision and Pattern Recognition, 2003. Proceedings.},
  Publisher                = {{IEEE} Comput. Soc},

  Doi                      = {10.1109/cvpr.2003.1211470}
}

@InProceedings{Nisterb,
  Title                    = {Visual odometry},
  Author                   = {D. Nister and O. Naroditsky and J. Bergen},
  Booktitle                = {Proceedings of the 2004 {IEEE} Computer Society Conference on Computer Vision and Pattern Recognition, 2004. {CVPR} 2004.},
  Publisher                = {{IEEE}},

  Doi                      = {10.1109/cvpr.2004.1315094}
}

@Article{Nuetzi2010,
  Title                    = {Fusion of {IMU} and Vision for Absolute Scale Estimation in Monocular {SLAM}},
  Author                   = {Gabriel Nützi and Stephan Weiss and Davide Scaramuzza and Roland Siegwart},
  Journal                  = {Journal of Intelligent {\&} Robotic Systems},
  Year                     = {2010},

  Month                    = {nov},
  Number                   = {1-4},
  Pages                    = {287--299},
  Volume                   = {61},

  Doi                      = {10.1007/s10846-010-9490-z},
  Publisher                = {Springer Nature}
}

@Article{Perez-Grau2017,
  Title                    = {An architecture for robust {UAV} navigation in {GPS}-denied areas},
  Author                   = {Francisco J. Perez-Grau and Ricardo Ragel and Fernando Caballero and Antidio Viguria and Anibal Ollero},
  Journal                  = {Journal of Field Robotics},
  Year                     = {2017},

  Month                    = {oct},
  Number                   = {1},
  Pages                    = {121--145},
  Volume                   = {35},

  Doi                      = {10.1002/rob.21757},
  Publisher                = {Wiley-Blackwell}
}

@InProceedings{Pillai2017,
  Title                    = {Towards visual ego-motion learning in robots},
  Author                   = {Sudeep Pillai and John J. Leonard},
  Booktitle                = {2017 {IEEE}/{RSJ} International Conference on Intelligent Robots and Systems ({IROS})},
  Year                     = {2017},
  Month                    = {sep},
  Publisher                = {{IEEE}},

  Doi                      = {10.1109/iros.2017.8206441}
}

@InProceedings{Santos2015,
  Title                    = {Towards a Reliable Monitoring Robot for Mountain Vineyards},
  Author                   = {Filipe Baptista Neves dos Santos and Heber Miguel Placido Sobreira and Daniel Filipe Barros Campos and Raul Manuel Pereira Morais dos Santos and Antonio Paulo Gomes Mendes Moreira and Olga Maria Sousa Contente},
  Booktitle                = {2015 {IEEE} International Conference on Autonomous Robot Systems and Competitions},
  Year                     = {2015},
  Month                    = {apr},
  Publisher                = {{IEEE}},

  Doi                      = {10.1109/icarsc.2015.21}
}

@Book{VOpart1,
  Title                    = {Visual odometry part I: The first 30 years and fundamentals. IEEE Robotics \& Automation Magazine, pages 80–92.},
  Author                   = {Davide Scaramuzza and Friedrich Fraundorfer.},
  Year                     = {2011.}
}

@Article{article,
  Title                    = {Geometric modelling and calibration of fisheye lens camera systems},
  Author                   = {Schwalbe, Ellen},
  Year                     = {2012},

  Month                    = {05},
  Volume                   = {36},

  Booktitle                = {International Archives of the Photogrammetry, Remote Sensing and Spatial Information Sciences}
}

@Article{Shah1996,
  Title                    = {Intrinsic parameter calibration procedure for a (high-distortion) fish-eye lens camera with distortion model and accuracy estimation{\ast}},
  Author                   = {Shishir Shah and J.K Aggarwal},
  Journal                  = {Pattern Recognition},
  Year                     = {1996},

  Month                    = {nov},
  Number                   = {11},
  Pages                    = {1775--1788},
  Volume                   = {29},

  Doi                      = {10.1016/0031-3203(96)00038-6},
  Publisher                = {Elsevier {BV}}
}

@Article{Srestasathiern2014,
  Title                    = {A novel camera calibration method for fish-eye lenses using line features},
  Author                   = {P. Srestasathiern and N. Soontranon},
  Journal                  = {{ISPRS} - International Archives of the Photogrammetry, Remote Sensing and Spatial Information Sciences},
  Year                     = {2014},

  Month                    = {aug},
  Pages                    = {327--332},
  Volume                   = {{XL}-3},

  Doi                      = {10.5194/isprsarchives-xl-3-327-2014},
  Publisher                = {Copernicus {GmbH}}
}

@InCollection{Sturm1996,
  Title                    = {A factorization based algorithm for multi-image projective structure and motion},
  Author                   = {Peter Sturm and Bill Triggs},
  Booktitle                = {Lecture Notes in Computer Science},
  Publisher                = {Springer Berlin Heidelberg},
  Year                     = {1996},
  Pages                    = {709--720},

  Doi                      = {10.1007/3-540-61123-1_183}
}

@InProceedings{Sukvichai2016,
  Title                    = {Implementation of visual odometry estimation for underwater robot on {ROS} by using {RaspberryPi} 2},
  Author                   = {Kanjanapan Sukvichai and Kandith Wongsuwan and Nut Kaewnark and Piyamate Wisanuvej},
  Booktitle                = {2016 International Conference on Electronics, Information, and Communications ({ICEIC})},
  Year                     = {2016},
  Month                    = {jan},
  Publisher                = {{IEEE}},

  Doi                      = {10.1109/elinfocom.2016.7563010}
}

@InCollection{Suenderhauf,
  Title                    = {Visual Odometry Using Sparse Bundle Adjustment on an Autonomous Outdoor Vehicle},
  Author                   = {Niko Sünderhauf and Kurt Konolige and Simon Lacroix and Peter Protzel},
  Booktitle                = {Autonome Mobile Systeme 2005},
  Publisher                = {Springer-Verlag},
  Pages                    = {157--163},

  Doi                      = {10.1007/3-540-30292-1_20}
}

@Article{Tu2013,
  Title                    = {High precision two-step calibration method for the fish-eye camera},
  Author                   = {Bo Tu and Lu Liu and Yihui Liu and Ye Jin and Junxiong Tang},
  Journal                  = {Applied Optics},
  Year                     = {2013},

  Month                    = {feb},
  Number                   = {7},
  Pages                    = {C37},
  Volume                   = {52},

  Doi                      = {10.1364/ao.52.000c37},
  Publisher                = {The Optical Society}
}

@InProceedings{Xue2016,
  Title                    = {Study on fisheye image correction algorithm},
  Author                   = {Leng Xue},
  Booktitle                = {Proceedings of the 2nd International Conference on Electronics, Network and Computer Engineering ({ICENCE} 2016)},
  Year                     = {2016},
  Publisher                = {Atlantis Press},

  Doi                      = {10.2991/icence-16.2016.42}
}

@InCollection{Ying2006,
  Title                    = {Fisheye Lenses Calibration Using Straight-Line Spherical Perspective Projection Constraint},
  Author                   = {Xianghua Ying and Zhanyi Hu and Hongbin Zha},
  Booktitle                = {Computer Vision {\textendash} {ACCV} 2006},
  Publisher                = {Springer Berlin Heidelberg},
  Year                     = {2006},
  Pages                    = {61--70},

  Doi                      = {10.1007/11612704_7}
}

@Article{Yousif2015,
  Title                    = {An Overview to Visual Odometry and Visual {SLAM}: Applications to Mobile Robotics},
  Author                   = {Khalid Yousif and Alireza Bab-Hadiashar and Reza Hoseinnezhad},
  Journal                  = {Intelligent Industrial Systems},
  Year                     = {2015},

  Month                    = {nov},
  Number                   = {4},
  Pages                    = {289--311},
  Volume                   = {1},

  Doi                      = {10.1007/s40903-015-0032-7},
  Publisher                = {Springer Nature}
}

@InProceedings{Zhang2015,
  Title                    = {Feature matching method study for uncorrected fish-eye lens image},
  Author                   = {Baofeng Zhang and Yanhui Jia and Juha Röning and Weijia Feng},
  Booktitle                = {Intelligent Robots and Computer Vision {XXXII}: Algorithms and Techniques},
  Year                     = {2015},
  Editor                   = {Juha Röning and David Casasent},
  Month                    = {feb},
  Publisher                = {{SPIE}},

  Doi                      = {10.1117/12.2083009}
}

@InProceedings{Zhang2016,
  Title                    = {Benefit of large field-of-view cameras for visual odometry},
  Author                   = {Zichao Zhang and Henri Rebecq and Christian Forster and Davide Scaramuzza},
  Booktitle                = {2016 {IEEE} International Conference on Robotics and Automation ({ICRA})},
  Year                     = {2016},
  Month                    = {may},
  Publisher                = {{IEEE}},

  Doi                      = {10.1109/icra.2016.7487210}
}

@InProceedings{Zhou2016,
  Title                    = {Reliable scale estimation and correction for monocular Visual Odometry},
  Author                   = {Dingfu Zhou and Yuchao Dai and Hongdong Li},
  Booktitle                = {2016 {IEEE} Intelligent Vehicles Symposium ({IV})},
  Year                     = {2016},
  Month                    = {jun},
  Publisher                = {{IEEE}},

  Doi                      = {10.1109/ivs.2016.7535431}
}

@InProceedings{Zhu2016,
  Title                    = {Expanding a fish-eye panoramic image through perspective transformation},
  Author                   = {Ling Zhu and Yu Liu and ShiMing Lai and Jing Li},
  Booktitle                = {2016 3rd International Conference on Systems and Informatics ({ICSAI})},
  Year                     = {2016},
  Month                    = {nov},
  Publisher                = {{IEEE}},

  Doi                      = {10.1109/icsai.2016.7811073}
}

@Misc{piCam,
  Title                    = {"Camera Calibration Toolbox for Matlab", Vision.caltech.edu, 2018. [Online]},
  HowPublished             = {http://www.vision.caltech.edu/bouguetj/calib_doc/index.html},
  Note                     = {[Online; Accessed: 25- Jun- 2018]}
}

@Misc{RN32,
  Title                    = {AgRob V16 – Robotics for Agriculture and Forestry – That works in steep slope viticulture},
  HowPublished             = {\url{http://agrob.inesctec.pt/}},
  Note                     = {[Online; accessed 05-February-2018]}
}

@Misc{,
  Owner                    = {sergiopinto},
  Timestamp                = {2018.06.26}
}

@comment{jabref-meta: databaseType:bibtex;}

