% Encoding: UTF-8

@Misc{,
  url = {http://criis.inesctec.pt/index.php/criis-projects/colrobot/},
}

@Comment{jabref-meta: databaseType:bibtex;}
