@article{RN19,
   author = {Abraham, S. and Förstner, W.},
   title = {Fish-eye-stereo calibration and epipolar rectification},
   journal = {ISPRS Journal of Photogrammetry and Remote Sensing},
   volume = {59},
   number = {5},
   pages = {278-288},
   DOI = {10.1016/j.isprsjprs.2005.03.001},
   url = {https://www.scopus.com/inward/record.uri?eid=2-s2.0-22544479762&doi=10.1016%2fj.isprsjprs.2005.03.001&partnerID=40&md5=76c80bbc96158c8edd81afbf03534e2f},
   year = {2005},
   type = {Journal Article}
}

@inproceedings{RN23,
   author = {Cheng, Y. and Maimone, M. and Matthies, L.},
   title = {Visual odometry on the Mars Exploration Rovers},
   booktitle = {Conference Proceedings - IEEE International Conference on Systems, Man and Cybernetics},
   volume = {1},
   pages = {903-910},
   url = {https://www.scopus.com/inward/record.uri?eid=2-s2.0-27944469487&partnerID=40&md5=f9c9a3bcf613164491373bc826214f5f},
   type = {Conference Proceedings}
}

@inproceedings{RN20,
   author = {Forster, C. and Pizzoli, M. and Scaramuzza, D.},
   title = {SVO: Fast semi-direct monocular visual odometry},
   booktitle = {Proceedings - IEEE International Conference on Robotics and Automation},
   pages = {15-22},
   DOI = {10.1109/ICRA.2014.6906584},
   url = {https://www.scopus.com/inward/record.uri?eid=2-s2.0-84929170523&doi=10.1109%2fICRA.2014.6906584&partnerID=40&md5=dc6907418995c2854053b873f5a65205},
   type = {Conference Proceedings}
}

@article{RN5,
   author = {Forster, C. and Zhang, Z. and Gassner, M. and Werlberger, M. and Scaramuzza, D.},
   title = {SVO: Semidirect Visual Odometry for Monocular and Multicamera Systems},
   journal = {IEEE Transactions on Robotics},
   volume = {33},
   number = {2},
   pages = {249-265},
   DOI = {10.1109/TRO.2016.2623335},
   url = {https://www.scopus.com/inward/record.uri?eid=2-s2.0-85006869803&doi=10.1109%2fTRO.2016.2623335&partnerID=40&md5=93871c212e4066a7fd870e4ac43dd34f},
   year = {2017},
   type = {Journal Article}
}

@inproceedings{RN15,
   author = {Heng, L. and Choi, B.},
   title = {Semi-direct visual odometry for a fisheye-stereo camera},
   booktitle = {IEEE International Conference on Intelligent Robots and Systems},
   volume = {2016-November},
   pages = {4077-4084},
   DOI = {10.1109/IROS.2016.7759600},
   url = {https://www.scopus.com/inward/record.uri?eid=2-s2.0-85006339994&doi=10.1109%2fIROS.2016.7759600&partnerID=40&md5=04a31bf8aae195a23700b663ad2da2cf},
   type = {Conference Proceedings}
}

@inproceedings{RN29,
   author = {Kuo, T. Y. and Wang, Y. S. and Cheng, Y. J. and Wan, K. H.},
   title = {Fisheye calibration with wide-angle characteristics},
   booktitle = {2017 IEEE International Conference on Consumer Electronics - Taiwan, ICCE-TW 2017},
   pages = {181-182},
   DOI = {10.1109/ICCE-China.2017.7991055},
   url = {https://www.scopus.com/inward/record.uri?eid=2-s2.0-85028505924&doi=10.1109%2fICCE-China.2017.7991055&partnerID=40&md5=557aa3978127402b862b43c93260a8bc},
   type = {Conference Proceedings}
}

@article{RN22,
   author = {Maimone, M. and Cheng, Y. and Matthies, L.},
   title = {Two years of visual odometry on the Mars Exploration Rovers},
   journal = {Journal of Field Robotics},
   volume = {24},
   number = {3},
   pages = {169-186},
   DOI = {10.1002/rob.20184},
   url = {https://www.scopus.com/inward/record.uri?eid=2-s2.0-34247488363&doi=10.1002%2frob.20184&partnerID=40&md5=d846bae8f6eb0053304c9e7020fd7327},
   year = {2007},
   type = {Journal Article}
}

@misc{RN4,
   pages = {1-6},
   DOI= {10.1109/icarsc.2016.68},
   year = {2016},
   type = {Conference Paper}
}

@incollection{RN28,
   author = {Ying, X. and Hu, Z. and Zha, H.},
   title = {Fisheye lenses calibration using straight-line spherical perspective projection constraint},
   booktitle = {Lecture Notes in Computer Science (including subseries Lecture Notes in Artificial Intelligence and Lecture Notes in Bioinformatics)},
   volume = {3852 LNCS},
   pages = {61-70},
   DOI = {10.1007/11612704_7},
   url = {https://www.scopus.com/inward/record.uri?eid=2-s2.0-33744903917&doi=10.1007%2f11612704_7&partnerID=40&md5=1b170d29b64c04622a004f4724a0b24b},
   year = {2006},
   type = {Serial}
}

